{
  "symbol" : "CMCSA",
  "financials" : [ {
    "date" : "2018-12-31",
    "Revenue" : "94507000000.0",
    "Revenue Growth" : "0.1115",
    "Cost of Revenue" : "0.0",
    "Gross Profit" : "94507000000.0",
    "R&D Expenses" : "0.0",
    "SG&A Expense" : "64822000000.0",
    "Operating Expenses" : "75498000000.0",
    "Operating Income" : "19009000000.0",
    "Interest Expense" : "3542000000.0",
    "Earnings before Tax" : "15111000000.0",
    "Income Tax Expense" : "3380000000.0",
    "Net Income - Non-Controlling int" : "131000000.0",
    "Net Income - Discontinued ops" : "0.0",
    "Net Income" : "11731000000.0",
    "Preferred Dividends" : "0.0",
    "Net Income Com" : "11731000000.0",
    "EPS" : "2.56",
    "EPS Diluted" : "2.53",
    "Weighted Average Shs Out" : "4549504769.0",
    "Weighted Average Shs Out (Dil)" : "",
    "Dividend per Share" : "0.917",
    "Gross Margin" : "1.0",
    "EBITDA Margin" : "0.31",
    "EBIT Margin" : "0.1974",
    "Profit Margin" : "0.124",
    "Free Cash Flow margin" : "0.1268",
    "EBITDA" : "29329000000.0",
    "EBIT" : "18653000000.0",
    "Consolidated Income" : "11862000000.0",
    "Earnings Before Tax Margin" : "0.1599",
    "Net Profit Margin" : "0.1241"
  }, {
    "date" : "2017-12-31",
    "Revenue" : "85029000000.0",
    "Revenue Growth" : "0.0532",
    "Cost of Revenue" : "0.0",
    "Gross Profit" : "85029000000.0",
    "R&D Expenses" : "0.0",
    "SG&A Expense" : "57323000000.0",
    "Operating Expenses" : "67011000000.0",
    "Operating Income" : "18018000000.0",
    "Interest Expense" : "3086000000.0",
    "Earnings before Tax" : "15166000000.0",
    "Income Tax Expense" : "-7569000000.0",
    "Net Income - Non-Controlling int" : "187000000.0",
    "Net Income - Discontinued ops" : "0.0",
    "Net Income" : "22735000000.0",
    "Preferred Dividends" : "0.0",
    "Net Income Com" : "22735000000.0",
    "EPS" : "4.83",
    "EPS Diluted" : "4.75",
    "Weighted Average Shs Out" : "4673771830.0",
    "Weighted Average Shs Out (Dil)" : "",
    "Dividend per Share" : "0.473",
    "Gross Margin" : "1.0",
    "EBITDA Margin" : "0.329",
    "EBIT Margin" : "0.2147",
    "Profit Margin" : "0.267",
    "Free Cash Flow margin" : "0.1131",
    "EBITDA" : "27940000000.0",
    "EBIT" : "18252000000.0",
    "Consolidated Income" : "22922000000.0",
    "Earnings Before Tax Margin" : "0.1784",
    "Net Profit Margin" : "0.2674"
  }, {
    "date" : "2016-12-31",
    "Revenue" : "80736000000.0",
    "Revenue Growth" : "0.0836",
    "Cost of Revenue" : "0.0",
    "Gross Profit" : "80736000000.0",
    "R&D Expenses" : "0.0",
    "SG&A Expense" : "54479000000.0",
    "Operating Expenses" : "63905000000.0",
    "Operating Income" : "16831000000.0",
    "Interest Expense" : "2942000000.0",
    "Earnings before Tax" : "13976000000.0",
    "Income Tax Expense" : "5298000000.0",
    "Net Income - Non-Controlling int" : "350000000.0",
    "Net Income - Discontinued ops" : "0.0",
    "Net Income" : "8678000000.0",
    "Preferred Dividends" : "0.0",
    "Net Income Com" : "8678000000.0",
    "EPS" : "1.8",
    "EPS Diluted" : "1.78",
    "Weighted Average Shs Out" : "4785664788.0",
    "Weighted Average Shs Out (Dil)" : "",
    "Dividend per Share" : "0.675",
    "Gross Margin" : "1.0",
    "EBITDA Margin" : "0.326",
    "EBIT Margin" : "0.2095",
    "Profit Margin" : "0.107",
    "Free Cash Flow margin" : "0.106",
    "EBITDA" : "26344000000.0",
    "EBIT" : "16918000000.0",
    "Consolidated Income" : "9028000000.0",
    "Earnings Before Tax Margin" : "0.1731",
    "Net Profit Margin" : "0.1075"
  }, {
    "date" : "2015-12-31",
    "Revenue" : "74510000000.0",
    "Revenue Growth" : "0.0834",
    "Cost of Revenue" : "0.0",
    "Gross Profit" : "74510000000.0",
    "R&D Expenses" : "0.0",
    "SG&A Expense" : "49832000000.0",
    "Operating Expenses" : "58512000000.0",
    "Operating Income" : "15998000000.0",
    "Interest Expense" : "2702000000.0",
    "Earnings before Tax" : "13122000000.0",
    "Income Tax Expense" : "4959000000.0",
    "Net Income - Non-Controlling int" : "250000000.0",
    "Net Income - Discontinued ops" : "0.0",
    "Net Income" : "8163000000.0",
    "Preferred Dividends" : "0.0",
    "Net Income Com" : "8163000000.0",
    "EPS" : "1.64",
    "EPS Diluted" : "1.62",
    "Weighted Average Shs Out" : "4914459046.0",
    "Weighted Average Shs Out (Dil)" : "",
    "Dividend per Share" : "0.487",
    "Gross Margin" : "1.0",
    "EBITDA Margin" : "0.329",
    "EBIT Margin" : "0.2124",
    "Profit Margin" : "0.11",
    "Free Cash Flow margin" : "0.1267",
    "EBITDA" : "24504000000.0",
    "EBIT" : "15824000000.0",
    "Consolidated Income" : "8413000000.0",
    "Earnings Before Tax Margin" : "0.1761",
    "Net Profit Margin" : "0.1096"
  }, {
    "date" : "2014-12-31",
    "Revenue" : "68775000000.0",
    "Revenue Growth" : "0.0637",
    "Cost of Revenue" : "0.0",
    "Gross Profit" : "68775000000.0",
    "R&D Expenses" : "0.0",
    "SG&A Expense" : "45852000000.0",
    "Operating Expenses" : "53871000000.0",
    "Operating Income" : "14904000000.0",
    "Interest Expense" : "2617000000.0",
    "Earnings before Tax" : "12253000000.0",
    "Income Tax Expense" : "3873000000.0",
    "Net Income - Non-Controlling int" : "212000000.0",
    "Net Income - Discontinued ops" : "0.0",
    "Net Income" : "8380000000.0",
    "Preferred Dividends" : "0.0",
    "Net Income Com" : "8380000000.0",
    "EPS" : "1.62",
    "EPS Diluted" : "1.6",
    "Weighted Average Shs Out" : "5152594722.0",
    "Weighted Average Shs Out (Dil)" : "",
    "Dividend per Share" : "0.338",
    "Gross Margin" : "1.0",
    "EBITDA Margin" : "0.333",
    "EBIT Margin" : "0.2162",
    "Profit Margin" : "0.122",
    "Free Cash Flow margin" : "0.1216",
    "EBITDA" : "22889000000.0",
    "EBIT" : "14870000000.0",
    "Consolidated Income" : "8592000000.0",
    "Earnings Before Tax Margin" : "0.1782",
    "Net Profit Margin" : "0.1218"
  }, {
    "date" : "2013-12-31",
    "Revenue" : "64657000000.0",
    "Revenue Growth" : "0.0334",
    "Cost of Revenue" : "0.0",
    "Gross Profit" : "64657000000.0",
    "R&D Expenses" : "0.0",
    "SG&A Expense" : "43223000000.0",
    "Operating Expenses" : "51094000000.0",
    "Operating Income" : "13563000000.0",
    "Interest Expense" : "2574000000.0",
    "Earnings before Tax" : "10796000000.0",
    "Income Tax Expense" : "3980000000.0",
    "Net Income - Non-Controlling int" : "319000000.0",
    "Net Income - Discontinued ops" : "0.0",
    "Net Income" : "6816000000.0",
    "Preferred Dividends" : "0.0",
    "Net Income Com" : "6816000000.0",
    "EPS" : "1.3",
    "EPS Diluted" : "1.28",
    "Weighted Average Shs Out" : "5230854578.0",
    "Weighted Average Shs Out (Dil)" : "",
    "Dividend per Share" : "0.39",
    "Gross Margin" : "1.0",
    "EBITDA Margin" : "0.329",
    "EBIT Margin" : "0.2068",
    "Profit Margin" : "0.105",
    "Free Cash Flow margin" : "0.0719",
    "EBITDA" : "21241000000.0",
    "EBIT" : "13370000000.0",
    "Consolidated Income" : "7135000000.0",
    "Earnings Before Tax Margin" : "0.167",
    "Net Profit Margin" : "0.1054"
  }, {
    "date" : "2012-12-31",
    "Revenue" : "62570000000.0",
    "Revenue Growth" : "0.1205",
    "Cost of Revenue" : "0.0",
    "Gross Profit" : "62570000000.0",
    "R&D Expenses" : "0.0",
    "SG&A Expense" : "42593000000.0",
    "Operating Expenses" : "50391000000.0",
    "Operating Income" : "12179000000.0",
    "Interest Expense" : "2521000000.0",
    "Earnings before Tax" : "9947000000.0",
    "Income Tax Expense" : "3744000000.0",
    "Net Income - Non-Controlling int" : "1662000000.0",
    "Net Income - Discontinued ops" : "0.0",
    "Net Income" : "6203000000.0",
    "Preferred Dividends" : "0.0",
    "Net Income Com" : "6203000000.0",
    "EPS" : "1.16",
    "EPS Diluted" : "1.14",
    "Weighted Average Shs Out" : "5314525944.0",
    "Weighted Average Shs Out (Dil)" : "",
    "Dividend per Share" : "0.325",
    "Gross Margin" : "1.0",
    "EBITDA Margin" : "0.324",
    "EBIT Margin" : "0.1993",
    "Profit Margin" : "0.099",
    "Free Cash Flow margin" : "0.1313",
    "EBITDA" : "20266000000.0",
    "EBIT" : "12468000000.0",
    "Consolidated Income" : "7865000000.0",
    "Earnings Before Tax Margin" : "0.159",
    "Net Profit Margin" : "0.0991"
  }, {
    "date" : "2011-12-31",
    "Revenue" : "55842000000.0",
    "Revenue Growth" : "0.472",
    "Cost of Revenue" : "0.0",
    "Gross Profit" : "55842000000.0",
    "R&D Expenses" : "0.0",
    "SG&A Expense" : "37485000000.0",
    "Operating Expenses" : "45121000000.0",
    "Operating Income" : "10721000000.0",
    "Interest Expense" : "2505000000.0",
    "Earnings before Tax" : "7210000000.0",
    "Income Tax Expense" : "3050000000.0",
    "Net Income - Non-Controlling int" : "997000000.0",
    "Net Income - Discontinued ops" : "0.0",
    "Net Income" : "4160000000.0",
    "Preferred Dividends" : "0.0",
    "Net Income Com" : "4160000000.0",
    "EPS" : "0.755",
    "EPS Diluted" : "0.75",
    "Weighted Average Shs Out" : "5449681988.0",
    "Weighted Average Shs Out (Dil)" : "",
    "Dividend per Share" : "0.272",
    "Gross Margin" : "1.0",
    "EBITDA Margin" : "0.311",
    "EBIT Margin" : "0.174",
    "Profit Margin" : "0.074",
    "Free Cash Flow margin" : "0.1448",
    "EBITDA" : "17351000000.0",
    "EBIT" : "9715000000.0",
    "Consolidated Income" : "5157000000.0",
    "Earnings Before Tax Margin" : "0.1291",
    "Net Profit Margin" : "0.0745"
  }, {
    "date" : "2010-12-31",
    "Revenue" : "37937000000.0",
    "Revenue Growth" : "0.061",
    "Cost of Revenue" : "0.0",
    "Gross Profit" : "37937000000.0",
    "R&D Expenses" : "0.0",
    "SG&A Expense" : "23341000000.0",
    "Operating Expenses" : "29957000000.0",
    "Operating Income" : "7980000000.0",
    "Interest Expense" : "2156000000.0",
    "Earnings before Tax" : "6071000000.0",
    "Income Tax Expense" : "2436000000.0",
    "Net Income - Non-Controlling int" : "33000000.0",
    "Net Income - Discontinued ops" : "0.0",
    "Net Income" : "3635000000.0",
    "Preferred Dividends" : "0.0",
    "Net Income Com" : "3635000000.0",
    "EPS" : "0.645",
    "EPS Diluted" : "0.645",
    "Weighted Average Shs Out" : "5580226918.0",
    "Weighted Average Shs Out (Dil)" : "",
    "Dividend per Share" : "0.189",
    "Gross Margin" : "1.0",
    "EBITDA Margin" : "0.391",
    "EBIT Margin" : "0.2169",
    "Profit Margin" : "0.096",
    "Free Cash Flow margin" : "0.1498",
    "EBITDA" : "14843000000.0",
    "EBIT" : "8227000000.0",
    "Consolidated Income" : "3668000000.0",
    "Earnings Before Tax Margin" : "0.16",
    "Net Profit Margin" : "0.0958"
  }, {
    "date" : "2009-12-31",
    "Revenue" : "35756000000.0",
    "Revenue Growth" : "0.0387",
    "Cost of Revenue" : "0.0",
    "Gross Profit" : "35756000000.0",
    "R&D Expenses" : "0.0",
    "SG&A Expense" : "22042000000.0",
    "Operating Expenses" : "28542000000.0",
    "Operating Income" : "7214000000.0",
    "Interest Expense" : "2348000000.0",
    "Earnings before Tax" : "5116000000.0",
    "Income Tax Expense" : "1478000000.0",
    "Net Income - Non-Controlling int" : "-10000000.0",
    "Net Income - Discontinued ops" : "0.0",
    "Net Income" : "3638000000.0",
    "Preferred Dividends" : "0.0",
    "Net Income Com" : "3638000000.0",
    "EPS" : "0.635",
    "EPS Diluted" : "0.63",
    "Weighted Average Shs Out" : "5709366964.0",
    "Weighted Average Shs Out (Dil)" : "",
    "Dividend per Share" : "0.133",
    "Gross Margin" : "1.0",
    "EBITDA Margin" : "0.391",
    "EBIT Margin" : "0.2087",
    "Profit Margin" : "0.102",
    "Free Cash Flow margin" : "0.1298",
    "EBITDA" : "13964000000.0",
    "EBIT" : "7464000000.0",
    "Consolidated Income" : "3628000000.0",
    "Earnings Before Tax Margin" : "0.1431",
    "Net Profit Margin" : "0.1017"
  } ]
}